{
  "_comment": "SuperStorys Analytics Dashboard — Reference Data (mirrors assets/js/data.js)",

  "cohort": {
    "months":    ["2014-01","2014-02","2014-03","2014-04","2014-05","2014-06","2014-07","2014-08","2014-09","2014-10","2014-11","2014-12"],
    "users":     [2791, 3815, 3500, 2075, 4024, 2864, 3560, 3454, 2683, 5717, 3128, 4210],
    "retention": [
      [100, 90, 71, 66, 51, 41, 35, 33, 22, 20, 19, 15],
      [100, 83, 70, 62, 52, 43, 41, 29, 31, 27, 21],
      [100, 87, 67, 62, 53, 48, 37, 32, 22, 23],
      [100, 83, 73, 62, 53, 45, 34, 32, 29],
      [100, 83, 70, 57, 55, 45, 39, 36],
      [100, 84, 70, 57, 50, 47, 36],
      [100, 84, 69, 64, 49, 40],
      [100, 85, 72, 57, 47],
      [100, 88, 74, 66],
      [100, 82, 74],
      [100, 86],
      [100]
    ]
  },

  "rfmSegments": [
    { "name": "Champions",               "value": 1850, "color": "#4338CA" },
    { "name": "Potential Loyalist",      "value": 1200, "color": "#6366F1" },
    { "name": "Loyal Customers",         "value":  950, "color": "#818CF8" },
    { "name": "Recent Customers",        "value":  780, "color": "#A5B4FC" },
    { "name": "Promising",               "value":  640, "color": "#0D9488" },
    { "name": "Customers Needing Attn.", "value":  520, "color": "#14B8A6" },
    { "name": "At Risk",                 "value":  410, "color": "#2DD4BF" },
    { "name": "Hibernating",             "value":  310, "color": "#34D399" },
    { "name": "Cant Lose Them",          "value":  270, "color": "#10B981" },
    { "name": "Lost",                    "value":  190, "color": "#F59E0B" }
  ],

  "descRevenue": {
    "months": ["Jan","Fev","Mar","Abr","Mai","Jun","Jul","Ago","Set","Out","Nov","Dez"],
    "2020":   [148000,132000,155000,140000,162000,175000,189000,201000,195000,210000,228000,265000],
    "2021":   [170000,158000,181000,195000,208000,221000,235000,249000,238000,261000,279000,310000],
    "2022":   [195000,181000,210000,225000,238000,252000,266000,281000,272000,295000,319000,358000],
    "2023":   [220000,205000,235000,252000,267000,284000,299000,315000,308000,331000,356000,402000]
  },

  "stateSales": {
    "CA": 320000, "TX": 280000, "NY": 195000, "FL": 168000, "WA": 142000,
    "IL": 135000, "PA": 121000, "OH": 108000, "GA":  98000, "NC":  89000,
    "MI":  82000, "NJ":  78000, "VA":  71000, "AZ":  65000, "CO":  62000,
    "MA":  58000, "TN":  54000, "IN":  49000, "MO":  44000, "WI":  41000,
    "MD":  38000, "MN":  35000, "SC":  32000, "AL":  29000, "LA":  27000,
    "KY":  24000, "OR":  22000, "OK":  20000, "CT":  18000, "IA":  16000,
    "UT":  15000, "NV":  14000, "AR":  13000, "MS":  12000, "KS":  11000,
    "NE":   9000, "NM":   8500, "WV":   7800, "ID":   7200, "HI":   6800,
    "NH":   6400, "ME":   6000, "MT":   5200, "RI":   4800, "DE":   4400,
    "SD":   3800, "ND":   3400, "AK":   3200, "VT":   2900, "WY":   2500
  },

  "performance": {
    "labels":  ["Jan","Fev","Mar","Abr","Mai","Jun","Jul","Ago","Set","Out","Nov","Dez"],
    "revenue": [220000,205000,235000,252000,267000,284000,299000,315000,308000,331000,356000,402000],
    "target":  [210000,210000,225000,245000,260000,275000,290000,305000,300000,325000,350000,395000],
    "profit":  [ 52000, 46000, 58000, 63000, 70000, 79000, 85000, 91000, 87000, 97000,108000,128000]
  },

  "descriptive": {
    "categoryShare": {
      "labels": ["Eletrônicos","Vestuário","Casa","Beleza"],
      "values": [38, 28, 20, 14]
    },
    "topProducts": {
      "labels": ["Smartphone X","Laptop Pro","Smartwatch","Fones BT","Tablet Z"],
      "values": [120000, 97000, 68000, 54000, 41000]
    },
    "returnRate": {
      "labels":   ["Jan","Fev","Mar","Abr","Mai","Jun"],
      "returns":  [2200, 1800, 9800, 4200, 5100, 4900],
      "sales":    [8200, 6800, 8400, 7600, 8800, 8100]
    }
  },

  "rfmRevenue": {
    "labels": ["Champions","Loyal","Potential","At Risk","Lost"],
    "values": [61200, 38400, 28000, 12500, 5100]
  },

  "yoyGrowth": {
    "labels": ["Q1 2020","Q2 2020","Q1 2021","Q2 2021","Q1 2022","Q2 2022","Q1 2023","Q2 2023"],
    "values": [15.2, 18.6, 12.4, 22.1, 17.8, 24.3, 19.5, 21.2]
  },

  "channelConversion": {
    "labels": ["Orgânico","E-mail","Social","Pago","Direto"],
    "values": [4.8, 6.2, 3.1, 5.5, 7.4]
  },

  "cacVsLtv": {
    "labels": ["Orgânico","E-mail","Social","Pago","Direto"],
    "ltv":    [520, 480, 310, 440, 590],
    "cac":    [ 42,  35,  68,  95,  28]
  },

  "marginByCategory": {
    "labels": ["Eletrônicos","Vestuário","Casa","Beleza","Acessórios"],
    "2022":   [28, 34, 31, 42, 38],
    "2023":   [32, 38, 35, 47, 42]
  }
}
